@article{intro_cloud_critical_infra,
  title={Cloud Computing Adoption in Critical Infrastructures-Status Quo and Elements of a Research Agenda.},
  author={Adelmeyer, Michael and Teuteberg, Frank},
  journal={MKWI},
  pages={1345--1356},
  year={2018}
}

@inproceedings{critical_infra_reason,
  title={Studies on Cloud-based Cyber Incidents Detection and Identification in Critical Infrastructure.},
  author={Gnatyuk, Sergiy and Berdibayev, Rat and Avkurova, Zhadyra and Verkhovets, Oleksii and Bauyrzhan, Madina},
  booktitle={CPITS I},
  pages={68--80},
  year={2021}
}


@MISC{german_gov_cloud_plan,
  title        = "German Goverment Cloud Application Plan",
  author       = "Kneschke, Nadine",
  abstract     = "What is currently missing: a cloud solution that follows
                  European standards - and thus offers a counterpart to
                  American cloud providers.",
  howpublished = "\url{https://insights.mgm-tp.com/en/the-cloud-emergence-models-and-current-projects-in-germany-and-europe/}",
  note         = "Accessed at: 2024-6-30",
  year={2023}
}

@article{authetication_intro,
  title={Recent trends in user authentication--a survey},
  author={Shah, Syed W and Kanhere, Salil S},
  journal={IEEE access},
  volume={7},
  pages={112505--112519},
  year={2019},
  publisher={IEEE}
}

@ARTICLE{Gollmann2021-at,
  title  = "{Authentication\_Authorisation\_Accountability\_v1}.0.2.pdf",
  author = "Gollmann, Dieter",
  year   =  2021
}


@BOOK{shared_principal,
  title     = "{O'Reilly} Media - Practical Cloud Security",
  author    = "Dotson, Chris",
  abstract  = "Chapter 1. Principles and Concepts Yes, this is a practical
               guide, but we do need to cover a few cloud-relevant security
               principles and concepts at a high level before we dive into
               the...",
  publisher = "O'Reilly Media, Inc.",
  year = 2023, 
  note={{ISBN:} 978-1-089-14817-1}
}
